@online{gitrepo,
    author      = {Paolo Bettelini},
    title       = {giardino-lindenmayer},
    year        = {2023},
    publisher   = {GitLab},
    journal     = {GitLab repository},
    url         = {http://gitsam.cpt.local/lavoro_finale_lpi_2023/giardino-lindenmayer}
}
@misc{turtlegraphics,
    author = "{Wikipedia contributors}",
    title = "Turtle graphics --- {Wikipedia}{,} The Free Encyclopedia",
    year = "2022",
    howpublished = "\url{https://en.wikipedia.org/w/index.php?title=Turtle_graphics&oldid=1098183733}",
    note = "[Online; accessed 24-May-2023]"
}
@misc{fractal,
    author = "{Wikipedia contributors}",
    title = "Fractal --- {Wikipedia}{,} The Free Encyclopedia",
    year = "2023",
    howpublished = "\url{https://en.wikipedia.org/w/index.php?title=Fractal&oldid=1156384037}",
    note = "[Online; accessed 24-May-2023]"
}
@misc{lsystem,
    author = "{Wikipedia contributors}",
    title = "L-system --- {Wikipedia}{,} The Free Encyclopedia",
    year = "2023",
    howpublished = "\url{https://en.wikipedia.org/w/index.php?title=L-system&oldid=1142810895}",
    note = "[Online; accessed 24-May-2023]"
}
@online{envlogginglvl,
    author      = {Docs.rs},
    title       = {Crate env\_logger},
    publisher   = {Docs.rs},
    url         = {https://docs.rs/env_logger/latest/env_logger/#enabling-logging}
}
@online{envloggingstyle,
    author      = {Docs.rs},
    title       = {Crate env\_logger},
    publisher   = {Docs.rs},
    url         = {https://docs.rs/env_logger/latest/env_logger/#disabling-colors}
}
@online{rust,
    author      = {Mozilla Research},
    title       = {Rust},
    year        = {2010},
    publisher   = {Mozilla},
    url         = {https://www.rust-lang.org/}
}
@online{rustinstall,
    author      = {Mozilla Research},
    title       = {Install Rust},
    year        = {2023},
    publisher   = {Mozilla},
    url         = {https://www.rust-lang.org/tools/install}
}
@online{gtkinstallation,
    author      = {gtk-rs},
    title       = {GUI development with Rust and GTK 4},
    year        = {2023},
    publisher   = {gtk-rs.org},
    url         = {https://gtk-rs.org/gtk4-rs/git/book/installation.html}
}
@online{csscolors,
    author      = {Mozilla},
    title       = {<color>},
    year        = {2022},
    publisher   = {Mozilla},
    url         = {https://developer.mozilla.org/en-US/docs/Web/CSS/color_value#format_syntax}
}
@online{meval,
    author      = {rekka},
    title       = {meval-rs},
    year        = {2018},
    publisher   = {GitHub},
    journal     = {GitHub repository},
    url         = {https://github.com/rekka/meval-rs}
}
@misc{adt,
    author = "{Wikipedia contributors}",
    title = "Algebraic data type --- {Wikipedia}{,} The Free Encyclopedia",
    year = "2023",
    howpublished = "\url{https://en.wikipedia.org/w/index.php?title=Algebraic_data_type&oldid=1155574153}",
    note = "[Online; accessed 24-May-2023]"
}

@misc{formalgrammar,
    author = "{Wikipedia contributors}",
    title = "Formal grammar --- {Wikipedia}{,} The Free Encyclopedia",
    year = "2023",
    howpublished = "\url{https://en.wikipedia.org/w/index.php?title=Formal_grammar&oldid=1146063605}",
    note = "[Online; accessed 25-May-2023]"
}
@misc{contextfreegrammar,
    author = "{Wikipedia contributors}",
    title = "Context-free grammar --- {Wikipedia}{,} The Free Encyclopedia",
    year = "2023",
    howpublished = "\url{https://en.wikipedia.org/w/index.php?title=Context-free_grammar&oldid=1142429919}",
    note = "[Online; accessed 25-May-2023]"
}
@online{cairo,
    author = {Carl Worth, Behdad Esfahbod},
    title = {Cairo},
    year = {2023},
    howpublished = {https://gitlab.freedesktop.org/cairo/cairo},
    url = {https://cairographics.org/}
}
@misc{mandelbrot,
    author = "{Wikipedia contributors}",
    title = "Mandelbrot set --- {Wikipedia}{,} The Free Encyclopedia",
    year = "2023",
    howpublished = "\url{https://en.wikipedia.org/w/index.php?title=Mandelbrot_set&oldid=1156064172}",
    note = "[Online; accessed 26-May-2023]"
}
